<?xml version="1.0" encoding="UTF-8"?><collection xmlns="http://www.loc.gov/MARC21/slim"><record><leader>00548nam--2200193-i-4500</leader><controlfield tag="001">000010923</controlfield><controlfield tag="002">20161230</controlfield><controlfield tag="005">20161230201029</controlfield><controlfield tag="008">060222s1000------------r-----000-0-rus-d</controlfield><datafield ind1=" " ind2=" " tag="040"><subfield code="a">IFIN-HH</subfield></datafield><datafield ind1=" " ind2=" " tag="041"><subfield code="a">rus</subfield></datafield><datafield ind1=" " ind2=" " tag="080"><subfield code="a">539.1(075.8)</subfield></datafield><datafield ind1="1" ind2=" " tag="100"><subfield code="a">Born, Max</subfield></datafield><datafield ind1="1" ind2="0" tag="245"><subfield code="a">Fizica atomica</subfield><subfield code="b">Traducere de dinu-ioanitiu nechita si jean rosu</subfield><subfield code="c">Max born</subfield></datafield><datafield ind1=" " ind2=" " tag="260"><subfield code="a">Bucuresti</subfield><subfield code="b">Editura Stiintifica</subfield><subfield code="c">1973</subfield></datafield><datafield ind1=" " ind2=" " tag="300"><subfield code="a">XI + 663 P</subfield></datafield><datafield ind1=" " ind2=" " tag="500"><subfield code="a">Titlul Original In Limba Engleza: Atomic Physics</subfield></datafield><datafield ind1=" " ind2=" " tag="852"><subfield code="a">40240</subfield><subfield code="c">539</subfield></datafield><datafield ind1=" " ind2=" " tag="CAT"><subfield code="a">Sys</subfield><subfield code="c">20111010</subfield><subfield code="h">154701</subfield></datafield></record></collection>